@misc{cant_deficiency,
  author      = {Brian Marquis},
  institution = {Federal Railroad Administration, USA},
  title       = {Cant Deficiency, Curving speeds and Tilt},
  year        = {Datum okänt},
  urldate     = {2023-10-23}
},
@techreport{carlos,
  author      = {Carlos Casanueva},
  institution = {Trafikverket och KTH},
  title       = {Wheel profiles for freight wagons in Sweden},
  year        = {2017}
},
@misc{trafikverter_spårgeometri,
  title  = {TRVINFRA-00003: Spårgeometri},
  author = {Trafikverket},
  year   = {2020}
}